@book{mybook,
  author = "Mary Jain",
  year = "2013",
  publisher = "Harry Potter",
}

@book{test,
  author = "Smith, Luke",
  title = "My First Book!",
  year = "2017",
  publisher = "Luke Publishing",
}

@book{chomsky05,
  author = "Chomsky, Noam",
  title = "Three Factors in Language Design",
  booktitle = "Linguistic Inquiry",
  year = "2005",
  part = "1",
  pages = "1-11",
}
